1820 3046
257 175 335 213 178

742 175 780 210 P.
806 175 976 210 VERG1L1
1001 175 1195 210 MARONIS

253 304 330 343 quo
362 291 484 343 magis
515 292 722 331 exhaustae
754 292 917 339 fuerint,
950 292 1026 331 hoc
1055 292 1182 331 acrius
1214 305 1349 331 omnes

252 347 484 388 incumbent
515 349 671 400 generis
702 349 795 400 lapsi
827 350 972 387 sarcire
1004 350 1154 394 ruinas,

252 405 585 457 complebuntque
616 406 722 445 foros
753 412 788 444 et
820 406 983 445 floribus
1013 406 1152 445 horrea
1183 412 1328 444 texent.
1628 412 1684 444 250

366 462 405 500 Si
436 474 547 508 vero,
580 462 764 513 qnoniam
799 475 910 501 casus
941 462 1078 514 apibus
1110 474 1266 513 quoque
1301 470 1456 501 nostros

250 519 324 557 vita
357 518 462 565 tulit,
494 519 594 557 tristi
626 518 867 569 languebunt
899 531 1064 569 corpora
1096 519 1235 557 morbo
1267 542 1321 547 —

252 574 355 626 quod
387 575 461 612 iam
495 587 575 613 non
608 575 735 613 dubiis
767 575 914 625 poteris
945 587 1185 625 cognoscere
1216 576 1357 626 signis:

251 631 441 670 continuo
473 636 531 669 est
561 631 686 682 aegris
717 631 814 669 alius
844 631 975 677 color,
1009 631 1163 669 horrida
1196 632 1341 670 voltum

251 688 442 726 deformat
472 688 635 734 macies,
668 694 749 726 tum
783 699 949 738 corpora
983 687 1067 725 luce
1100 696 1302 727 carentum
1627 697 1683 727 255

251 750 461 795 exportant
490 744 602 783 tectis
633 750 672 782 et
701 744 824 783 tristia
856 746 994 782 funera
1026 745 1194 788 ducunt,

249 808 315 840 aut
346 801 432 839 illae
463 800 628 851 pedibus
659 813 830 839 conexae
863 802 907 839 ad
941 800 1074 839 limina
1107 801 1302 851 pendent,

248 864 314 897 aut
344 858 450 896 intus
480 857 620 896 clausis
652 864 892 896 cunctantur
922 858 959 896 in
993 857 1172 902 aedibus,
1206 869 1344 895 omues

247 915 485 965 ignavaeque
517 916 616 953 fame
648 921 686 953 et
717 920 919 953 contracto
950 914 1095 965 frigore
1126 914 1283 965 pigram

246 977 328 1010 tum
360 983 483 1010 sonus
513 971 669 1010 auditur
699 972 852 1022 gravior
881 971 1116 1021 tractimque
1147 978 1372 1016 susurrant,
1626 977 1683 1010 260

247 1028 412 1080 frigidus
443 1034 483 1066 ut
515 1028 712 1079 quondam
745 1028 848 1067 silvis
878 1028 1141 1067 inmurmurat
1171 1034 1322 1073 auster,

248 1091 291 1123 ut
320 1097 426 1123 mare
458 1084 665 1124 sollicitum
697 1085 825 1123 stridit
855 1084 1114 1123 refluentibus
1146 1085 1278 1128 undis,

247 1148 397 1180 aestuat
426 1147 469 1179 ut
500 1142 640 1180 clausis
670 1142 829 1193 rapidus
859 1141 1088 1180 fornacibus
1119 1141 1241 1191 ignis:

246 1199 310 1237 hic
342 1198 414 1236 iam
447 1198 659 1249 galbaneos
689 1198 861 1237 suadebo
893 1199 1106 1237 incendere
1140 1199 1280 1237 odores

244 1255 438 1306 mellaque
470 1255 697 1294 arundineis
728 1255 875 1294 inferre
906 1255 1126 1303 canalibus,
1159 1255 1262 1293 ultro
1627 1261 1682 1294 265

243 1312 468 1351 hortantem
500 1319 537 1351 et
568 1312 688 1351 fessas
719 1312 766 1350 ad
796 1312 938 1363 pabula
970 1319 1061 1351 nota
1091 1318 1308 1350 vocantem.

244 1368 421 1420 proderit
451 1375 489 1408 et
518 1375 679 1408 tunsum
710 1369 831 1421 gallae
862 1369 1074 1408 admiscere
1106 1381 1285 1420 saporem

245 1426 471 1476 arentisque
500 1438 609 1466 rosas
639 1432 705 1465 aut
734 1426 816 1476 igni
846 1426 1008 1477 pinguia
1038 1425 1160 1464 multo

243 1482 395 1522 defruta
426 1482 485 1521 vel
515 1483 657 1534 psithia
688 1495 824 1534 passos
855 1482 901 1521 de
932 1483 1007 1521 vite
1038 1494 1216 1521 racemos

245 1539 558 1592 Cecropiumque
589 1540 765 1592 thymum
797 1546 835 1578 et
865 1551 979 1591 grave
1013 1539 1157 1578 olentia
1189 1546 1412 1578 centaurea.
1626 1544 1682 1576 270

245 1628 372 1671 Spinne
398 1628 610 1661 verwandelt
635 1628 744 1671 hatte,
776 1639 800 1662 S.
830 1628 926 1662 Ovid.

243 1673 322 1707 Met.
349 1673 403 1713 Vl,
430 1676 572 1708 1—145.
676 1699 680 1708 ,

289 1721 365 1753 249.
388 1722 532 1761 generis
550 1721 651 1762 lapsi,
677 1720 736 1753 des
754 1720 927 1752 herunter-

244 1765 490 1808 gekommenen
523 1765 754 1798 Geschlechts.
788 1784 832 1790 —
858 1768 926 1798 inc.

243 1814 390 1843 sarcire.
415 1813 616 1843 incumbere
639 1822 666 1846 c.
682 1810 739 1844 inf.
756 1811 809 1844 bei
825 1810 926 1854 Verg-

242 1855 310 1888 und
336 1855 486 1888 Tacitus.

289 1904 366 1935 250.
384 1902 494 1940 foros,
509 1901 562 1934 die
576 1901 925 1944 (ausgeschnittenen)

244 1946 368 1980 Zellen.
401 1966 445 1970 —
475 1948 641 1987 floribus,
675 1957 735 1979 aus
763 1946 822 1979 der
847 1945 925 1979 Blu-

243 1992 460 2032 mentsinche‚
485 2003 511 2025 s.
538 1993 626 2025 oben
652 2003 680 2024 z.
706 2002 738 2024 v.
764 1993 816 2025 39.

243 2069 283 2103 V.
320 2069 618 2103 Krankheiten
656 2069 728 2102 der
762 2069 924 2104 Bienen

341 2116 419 2149 und
443 2114 586 2148 Mittel
611 2115 828 2158 dagegen,

459 2171 490 2194 v.
518 2163 707 2195 251—250.

288 2219 363 2251 251.
389 2218 421 2249 si
444 2227 537 2250 vero.
575 2216 639 2250 Der
656 2217 825 2250 Naclisatz
849 2218 922 2251 tritt

242 2262 317 2296 dem
345 2262 448 2296 Sinne
474 2262 559 2295 nach
585 2263 645 2295 mit
671 2273 702 2297 v.
729 2265 794 2297 264
820 2264 884 2296 ein.

288 2309 364 2342 257.
378 2309 528 2350 pedibus
545 2318 710 2342 conanae.
723 2309 805 2350 jede
819 2308 923 2342 Biene

241 2352 430 2392 klammmt,
447 2354 510 2386 wie
520 2354 700 2387 sterbende
711 2354 867 2387 insekten
882 2364 922 2386 zu

242 2399 325 2431 thun
341 2399 486 2441 pssegen,
505 2399 576 2431 ihre
588 2398 691 2433 Beine
708 2399 923 2434 aneinander.

287 2446 362 2478 259.
390 2448 500 2476 contr.
524 2443 676 2486 frigore.
714 2444 771 2478 Die
790 2444 924 2478 Dichter

240 2489 340 2532 legen
355 2489 464 2522 einem
479 2489 716 2531 Gegenstande
734 2490 788 2523 die
804 2490 922 2534 Eigen-

240 2534 349 2568 schaft
368 2535 450 2568 oder
466 2535 529 2567 den
549 2534 706 2575 Zustand‚
731 2536 795 2568 den
813 2546 849 2568 ei·
866 2536 922 2569 be—

241 2580 358 2620 wirkt,
396 2580 447 2613 oft
479 2580 586 2614 seibst
619 2580 682 2613 bei.
734 2580 790 2614 Die
825 2581 922 2615 Kaite

240 2626 331 2659 zieht
365 2626 486 2659 andere
520 2625 756 2668 Gegenstfinde
792 2637 922 2660 zusam-

998 1637 1093 1669 men,
1118 1627 1186 1669 vgl.
1215 1626 1308 1660 Suet.
1335 1626 1407 1659 Oct.
1435 1628 1495 1660 SO:
1528 1627 1680 1669 digitum

998 1676 1193 1715 torpentem
1214 1675 1506 1715 contractumque
1520 1671 1676 1715 frigore:

998 1719 1056 1751 der
1081 1717 1216 1751 Dichter
1249 1718 1330 1751 aber
1362 1718 1430 1760 legt
1465 1717 1529 1750 deu
1556 1717 1686 1760 Begriff

997 1764 1056 1797 des
1075 1763 1261 1797 Stati-seins
1287 1764 1345 1796 der
1362 1762 1459 1796 Kane
1477 1764 1584 1797 selbst
1609 1764 1678 1799 bei:

998 1813 1109 1842 contr.
1126 1809 1213 1851 frig.
1230 1811 1359 1851 pigrae
1380 1809 1451 1841 bez.
1470 1808 1560 1842 also:
1587 1810 1679 1852 trage

997 1866 1058 1887 vor
1082 1860 1205 1887 starrer
1231 1854 1345 1888 Kalte.
1375 1854 1444 1896 vgl.
1472 1853 1550 1887 Sen.
1575 1854 1606 1887 d.
1631 1855 1678 1887 ira

996 1900 1032 1937 ΙΙ,
1063 1902 1111 1935 ¹9.
1131 1902 1168 1933 2:
1193 1900 1326 1942 frigidi
1349 1902 1510 1932 mixtura
1536 1900 1679 1932 lz'midos

995 1946 1095 1986 Γαοίί,
1111 1947 1255 1987 pigrum
1271 1949 1322 1977 est
1335 1948 1426 1977 enim
1441 1948 1678 1977 contractum-

996 2001 1061 2033 que
1083 1991 1215 2032 frigus.

1041 2037 1117 2070 260.
1145 2038 1287 2068 trac-tim
1304 2046 1385 2071 sus..
1406 2036 1454 2068 sie
1473 2046 1626 2069 summeu
1643 2036 1675 2069 in

995 2082 1104 2114 eiuem
1129 2091 1335 2124 gezogenen.
1362 2080 1553 2123 gedehnten
1572 2080 1676 2114 Tone.

1041 2129 1117 2161 262.
1143 2128 1278 2162 stridit.
1303 2126 1371 2169 vgl.
1398 2126 1434 2159 G.
1454 2125 1508 2166 lv,
1527 2129 1603 2160 555.
1637 2128 1675 2159 A.

995 2172 1030 2211 11,
1057 2174 1133 2206 418.
1159 2171 1214 2211 IV,
1241 2173 1316 2206 689.
1351 2171 1427 2205 Vnt.
1454 2174 1531 2205 420.
1557 2191 1600 2196 —
1624 2184 1676 2204 re-

993 2220 1194 2258 fluentibus,
1220 2227 1298 2250 vom
1324 2217 1405 2250 Ufer
1430 2218 1585 2250 niimiich.

1040 2266 1117 2297 253.
1141 2262 1363 2302 fornacibus.
1400 2262 1464 2296 Der
1489 2263 1678 2296 verschlos-

994 2319 1075 2342 sene
1102 2308 1332 2343 Bienenstock
1363 2308 1447 2341 wird
1481 2310 1540 2341 mit
1566 2310 1675 2342 ciuem

995 2353 1386 2397 Kalkofenuvergiichen.
1412 2354 1471 2387 dei·
1491 2354 1603 2387 ausser
1619 2354 1676 2387 der

994 2400 1117 2433 oberen
1159 2399 1307 2442 otfnung
1347 2400 1399 2432 ssu·
1438 2399 1492 2432 die
1530 2399 1675 2432 Fiamme

994 2455 1102 2488 gegeu
1117 2445 1206 2478 allen
1218 2445 1262 2478 Lu
1269 2446 1362 2487 t'tzug
1371 2445 1607 2478 verschlossen
1621 2445 1675 2477 ist.

1040 2493 1114 2525 267.
1134 2494 1276 2523 tunsum
1290 2491 1411 2532 gallae
1426 2501 1599 2533 saporem.
1619 2500 1675 2532 ge-

994 2537 1166 2569 stofsenen
1182 2535 1429 2578 Gallapfelsaft,
1443 2546 1470 2568 s.
1484 2545 1511 2568 z.
1529 2535 1562 2568 E.
1578 2538 1609 2570 9.
1621 2538 1674 2569 4⁶.

1039 2583 1114 2616 20⁴9.
1142 2582 1296 2622 desi-uta,
1314 2580 1558 2623 eingekochter
1574 2580 1673 2616 Most.

994 2627 1060 2669 vgi.
1079 2627 1117 2660 G.
1131 2627 1152 2663 l.
1168 2629 1244 2661 295.
1260 2646 1303 2650 —
1317 2627 1463 2669 psithia,
1482 2636 1508 2660 s.
1524 2626 1561 2659 G.
1576 2626 1671 2661 lt.93.
