1820 3046
277 174 356 213 100
762 173 801 210 P.
825 173 994 209 VERGILI
1017 173 1211 209 MARONIS

277 290 422 330 Glauco
455 296 493 330 et
523 289 730 342 Panopeae
762 296 799 329 et
829 290 926 329 Inoo
957 290 1189 330 Melicertae.

277 348 334 388 sol
365 359 523 399 quoque
554 353 592 386 et
623 346 805 386 exoriens
836 353 873 386 et
904 359 992 386 cum
1025 360 1065 387 se
1096 347 1238 386 condet
1269 347 1308 386 in
1341 346 1485 394 undas,

276 405 387 456 sigua
418 404 544 452 dabit;
574 404 695 443 solem
728 403 942 443 certissima
975 404 1084 454 signa
1115 409 1356 455 sequuntur,

278 466 316 500 et
346 473 444 513 quae
474 472 588 499 mane
618 461 738 499 refert
767 466 805 499 et
835 472 935 510 quae
966 460 1220 511 surgentibus
1251 461 1375 500 astris.
1651 466 1709 499 440

279 517 343 557 ille
374 517 442 556 ubi
474 522 702 556 nascentem
732 516 894 556 maculis
924 517 1128 556 variaverit
1157 524 1285 557 ortum

281 573 463 613 conditus
493 573 532 612 in
566 572 712 612 nubem
744 572 951 624 medioque
982 573 1172 624 refugerit
1203 573 1320 621 orbe,

277 629 449 681 suspecti
479 628 548 668 tibi
579 629 658 668 sint
686 628 851 678 imbres3
884 640 1052 680 namque
1084 636 1224 680 urguet
1254 630 1301 669 ab
1331 630 1408 669 alto

279 685 566 737 arboribusque
596 685 768 736 satisque
801 691 918 725 notus
949 686 1164 737 pecorique
1195 686 1364 726 sinister.

278 749 345 782 aut
373 742 441 782 uhi
471 742 546 782 suh
577 742 704 781 lucem
737 743 858 781 densa
889 742 993 781 inter
1022 741 1157 781 nubila
1187 755 1273 782 sese
1655 749 1711 781 445

279 799 420 839 diversi
449 805 637 851 rumpent
666 799 762 838 radii
793 805 859 839 aut
889 798 956 838 ubi
987 799 1127 851 pallida
1157 806 1291 850 surget

279 856 440 896 Tithoni
471 860 654 895 croceum
686 855 872 907 linquens
902 856 1054 895 Aurora
1086 855 1235 903 cubile,

279 915 357 953 beu
386 913 486 952 male
515 919 600 953 tum
630 912 735 952 mitis
766 911 951 952 defendet
980 913 1190 965 pampinus
1220 925 1333 952 uvas:

279 977 358 1010 tam
388 970 509 1009 multa
538 970 578 1009 in
610 969 723 1008 tectis
754 969 951 1021 crepitans
982 969 1068 1009 salit
1098 970 1257 1009 horrida
1287 969 1450 1022 grando.

280 1027 357 1066 hoc
388 1027 524 1074 etiam,
556 1039 718 1066 emenso
749 1038 838 1065 cum
871 1026 947 1065 iam
979 1026 1131 1066 decedit
1164 1026 1353 1079 Olympo,
1658 1032 1715 1065 450

280 1084 473 1137 profuerit
502 1083 729 1123 meminisse
759 1083 901 1135 magis3
934 1095 1024 1123 nam
1055 1096 1172 1135 saepe
1202 1084 1377 1123 videmus

279 1140 403 1193 ipsius
432 1141 472 1180 in
503 1140 611 1179 voltu
640 1140 767 1179 varios
797 1152 928 1179 errare
960 1140 1133 1180 colores:

286 1197 490 1237 caeruleus
520 1197 688 1249 pluviam
721 1197 948 1245 denuntiat,
981 1198 1121 1249 igneus
1151 1209 1287 1236 euros:

283 1254 343 1294 sin
373 1254 548 1294 maculae
578 1253 771 1306 incipient
800 1254 918 1293 rutilo
950 1254 1195 1293 inmiscerier
1227 1254 1328 1305 igni,

283 1311 416 1351 omnia
446 1317 527 1350 tum
559 1310 707 1363 pariter
734 1317 851 1350 vento
885 1310 1107 1362 nimbisque
1138 1310 1286 1350 videbis
1659 1316 1716 1349 455

283 1369 445 1407 fervere.
506 1381 588 1407 non
620 1367 684 1407 illa
715 1368 922 1419 quisquam
953 1380 1015 1407 me
1047 1374 1164 1406 nocte
1194 1380 1266 1419 per
1295 1367 1415 1406 altum

283 1424 361 1472 ire,
393 1436 523 1476 neque
554 1423 601 1463 ab
632 1429 738 1463 terra
767 1431 920 1464 moveat
951 1425 1170 1464 convellere
1202 1426 1350 1463 funem.

283 1487 320 1520 at
350 1481 401 1530 si,
434 1494 525 1521 cum
556 1481 781 1532 referetque
812 1481 915 1521 diem
947 1481 1169 1533 condetque
1202 1481 1387 1529 relatum,

280 1581 331 1615 ost
355 1580 410 1614 die
433 1580 506 1614 Zeit
530 1581 616 1623 (hier
633 1580 692 1614 (les
710 1580 864 1623 Windes)
882 1582 963 1615 wie·
1032 1581 1192 1615 metrisch
1232 1580 1436 1615 verkfirzten
1477 1579 1717 1624 Diphthougen

279 1626 448 1665 derkehrt‚
472 1626 541 1669 vgl.
566 1627 605 1660 A.
631 1625 672 1666 V,
698 1629 751 1661 49.
1033 1631 1207 1670 gestattet.

325 1674 403 1707 437.
439 1663 530 1705 Uber
565 1671 619 1705 die
659 1652 731 1705 hier
770 1676 963 1715 genannten
1150 1706 1158 1712 ,
1292 1706 1298 1712 ‚

279 1716 486 1760 Meergotter
503 1727 529 1750 s.
547 1728 576 1752 z
593 1718 632 1751 Α,
650 1716 691 1759 V,
710 1719 786 1759 823
811 1717 865 1751 die
882 1717 965 1751 Vbs
1057 1707 1092 1749 d)
1116 1706 1151 1738 vt
1162 1706 1389 1740 etterzelchen
1414 1716 1456 1738 an
1482 1704 1540 1738 der
1564 1703 1697 1745 Sonne,

280 1762 468 1805 wandlung
485 1762 544 1796 des
558 1762 705 1797 Glaucus
723 1763 851 1796 erzahlt
865 1762 962 1796 Ovid.
1253 1763 1286 1787 V·
1313 1753 1503 1786 438-463·

280 1807 360 1841 Met.
386 1808 466 1849 Xlll,
490 1809 683 1851 904—965‚
706 1808 760 1842 die
786 1808 845 1842 des
870 1808 965 1841 Meli·
1079 1811 1155 1842 441.
1181 1807 1291 1841 Wenn
1317 1808 1370 1841 die
1389 1807 1503 1841 Soune
1528 1807 1618 1841 beim
1641 1807 1722 1841 Aus-

281 1856 391 1887 certes
415 1853 495 1886 Met.
520 1852 574 1893 1V,
599 1855 790 1888 416—562.
813 1873 856 1877 —
879 1854 964 1887 Gell.
1036 1864 1145 1896 gange
1165 1853 1289 1896 fleckig
1303 1854 1375 1895 (mit
1395 1853 1541 1886 Flecken
1560 1863 1721 1896 gespren-

281 1903 372 1933 noct.
409 1899 478 1932 Att.
510 1897 597 1941 Xlll,
631 1900 674 1933 26
713 1898 781 1932 und
818 1897 964 1932 Macrob.
1035 1899 1120 1940 kelt)
1146 1899 1214 1932 und
1239 1903 1337 1932 unter
1362 1898 1505 1931 Wolken
1531 1898 1720 1942 verborgen

281 1946 345 1978 sat.
375 1943 422 1985 V,
451 1945 488 1978 17
519 1943 714 1985 berichten,
746 1943 818 1977 dass
850 1943 966 1987 Vergil
1036 1945 1091 1985 ist,
1117 1944 1185 1977 und
1204 1954 1302 1977 wenn
1321 1944 1418 1977 dabei
1437 1943 1490 1976 die
1507 1943 1664 1983 Scheibe,
1688 1944 1719 1976 in

281 1989 355 2022 hier
379 1989 478 2023 einen
496 1988 580 2022 Vers
601 1990 713 2023 seines
731 1989 870 2023 Lehrers
889 1989 967 2022 Par·
1036 1989 1095 2023 der
1134 1988 1230 2022 Mitte
1269 1989 1487 2030 verdunkelt,
1535 1989 1721 2031 gleichsam

280 2034 416 2068 theuios
452 2034 677 2077 nachgeahmt
712 2034 811 2069 habe.
874 2034 966 2068 Nach
1036 2035 1117 2068 hohl
1151 2035 1335 2070 erscheint.
1373 2045 1412 2068 so
1445 2040 1508 2069 cet.
1539 2034 1608 2077 vgl.
1635 2034 1721 2068 Plin.

281 2080 412 2114 Gellius
429 2079 557 2113 lautete
575 2080 685 2113 dieser
701 2079 786 2113 Vers
807 2077 968 2127 Γλαι’κῳ
1038 2085 1105 2114 nat.
1131 2080 1209 2113 hist.
1235 2080 1348 2118 xvul.
1373 2083 1427 2121 35,
1454 2082 1514 2114 78:
1547 2091 1722 2114 concavus

281 2126 346 2161 καὶ
359 2127 480 2203 ΝῚίρεῐ
490 2124 727 2161 καὶΕἰναλίυ)
743 2116 968 2171 Μελικέρτῃ,
1037 2128 1154 2159 oriens
1179 2126 1256 2167 (sol)
1278 2126 1421 2168 pluvias
1441 2126 1630 2168 praedicit.

282 2171 369 2205 nach
385 2171 405 2204 lt
421 2171 577 2204 acrobius
590 2162 750 2219 Γλαύκῳ
766 2173 830 2206 καὶ
849 2173 973 2218 Ᾱηοῆὶ
1084 2173 1160 2205 443.
1186 2173 1229 2204 ab
1255 2172 1340 2209 alto,
1366 2182 1444 2204 vom
1470 2171 1580 2205 Meere
1606 2171 1675 2204 her.

282 2218 347 2252 καὶ
374 2210 482 2264 Ἰνώῳ
514 2207 737 2263 Μελικέρτῃ.
790 2217 861 2250 Aus
892 2204 968 2250 dem
1082 2219 1160 2251 445.
1188 2218 1251 2250 sub
1277 2218 1405 2260 lucem,
1439 2217 1521 2250 kurz
1553 2227 1612 2250 vor
1637 2216 1722 2250 Son—

285 2262 445 2304 Streben‚
462 2253 547 2295 den
573 2261 765 2306 ΒΙηῖΙιιιιυε
791 2262 850 2296 (les
883 2263 969 2305 grie·
1036 2262 1262 2305 nenausgang.

283 2307 443 2341 chischen
468 2307 593 2341 Verses
623 2318 733 2351 genau
764 2318 805 2341 zu
837 2308 967 2349 treffen‚
1081 2310 1158 2342 447.
1187 2307 1347 2345 Tithoni,
1379 2308 1448 2351 vgl.
1473 2307 1568 2342 Rom.
1595 2307 1654 2340 od.
1682 2307 1722 2349 V,

283 2352 407 2386 erklart
445 2353 517 2386 sich
553 2353 646 2386 wohl
686 2353 740 2387 die
780 2353 967 2387 aufsallend
1039 2356 1053 2387 1
1082 2365 1113 2387 u.
1140 2364 1166 2387 s,
1192 2365 1222 2387 z.
1245 2354 1286 2390 A.
1311 2353 1366 2395 lv,
1392 2356 1468 2388 585.

283 2398 379 2431 hatte
391 2398 743 2442 Zusammenstellung
756 2398 814 2432 der
827 2398 970 2434 Vokale.
1085 2401 1162 2434 448.
1188 2401 1290 2442 male,
1314 2409 1340 2433 s.
1367 2399 1454 2433 oben
1479 2409 1508 2434 z.
1533 2409 1564 2432 v.
1591 2400 1667 2432 360.

284 2442 379 2477 Denn
405 2445 436 2476 in
455 2443 589 2477 keinem
606 2443 712 2478 Verse
730 2444 789 2478 der
806 2444 969 2487 Georgica
1086 2447 1162 2479 450.
1187 2447 1293 2478 etiam
1319 2445 1362 2479 ist
1388 2445 1447 2478 mit
1471 2443 1546 2478 dem
1573 2443 1721 2488 folgend.

285 2488 396 2522 ausser
421 2489 547 2522 diesem
577 2489 635 2522 hat
667 2489 738 2523 sich
764 2489 878 2532 Vergil
904 2490 968 2523 den
1038 2493 1155 2532 magis
1180 2501 1220 2532 zu
1246 2489 1440 2524 verbinden.

283 2533 403 2568 Hiatus
427 2534 513 2567 nach
539 2534 614 2567 dem
639 2538 749 2568 ersten
771 2535 870 2569 Fusse
888 2537 969 2568 zwi-
1084 2538 1162 2570 454.
1188 2535 1278 2569 Uber
1308 2537 1528 2568 inmiscerier
1558 2534 1625 2568 und
1650 2535 1722 2575 ser·

286 2580 390 2613 schen
426 2580 510 2613 zwei
548 2579 681 2623 Langen
723 2579 804 2614 oder
840 2581 872 2614 in
911 2581 969 2614 der
1039 2581 1117 2613 viv-e
1142 2592 1173 2615 v.
1201 2585 1265 2616 456
1292 2592 1317 2614 s,
1343 2581 1427 2614 Einl.
1454 2591 1485 2623 p.
1514 2583 1530 2613 7

286 2624 383 2659 Mitte
419 2625 477 2659 der
513 2627 543 2659 3.
578 2624 699 2660 Thesis
736 2626 820 2660 nach
858 2627 966 2660 einen]
1083 2629 1158 2660 457.
1187 2626 1244 2660 Die
1264 2626 1482 2670 Verbindung
1499 2626 1559 2660 des
1585 2638 1723 2660 movere
