1820 3046
306 156 358 194 96
797 158 834 193 Ρ.
858 158 1029 194 VERGILI
1051 159 1244 196 MARONIS

419 276 545 326 Atque
576 275 672 315 haec
704 282 747 314 ut
777 275 895 314 certis
925 288 1130 328 possemus
1160 277 1309 317 discere
1340 278 1482 329 signis,

307 338 518 384 aestusque
548 332 775 385 pluviasque
806 338 843 371 et
874 334 1026 384 agentis
1057 333 1202 385 frigora
1231 340 1388 381 ventos,

306 388 389 441 ipse
420 395 530 441 pater
559 389 711 435 statuit,
744 389 837 439 quid
868 396 1069 429 menstrua
1100 390 1193 429 luna
1223 398 1425 437 moneret,

306 458 384 496 quo
415 446 531 497 signo
563 446 750 484 caderent
779 445 921 492 austri,
953 446 1046 496 quid
1077 458 1192 498 saepe
1222 448 1398 487 videntes

307 503 499 554 agricolae
533 502 696 554 propius
726 501 888 540 stabulis
918 509 1092 542 armenta
1123 509 1318 544 tenerent.
1678 512 1735 546 355

307 559 498 599 continuo
528 559 655 598 ventis
685 557 940 609 surgentibus
970 565 1037 597 aut
1066 560 1164 598 freta
1194 561 1306 611 ponti

303 616 500 667 incipiunt
529 615 669 667 agitata
700 621 920 654 tumescere
949 621 988 654 et
1017 615 1148 656 aridus
1177 617 1263 656 altis

306 672 510 712 montibus
540 672 665 712 audiri
695 673 828 722 fragor
858 678 924 710 aut.
954 673 1179 712 resonantia
1210 673 1327 725 longe

303 729 416 769 litora
446 729 603 769 misceri
635 735 672 768 et
703 741 910 768 nemorum
942 728 1237 769 increbrescere
1268 743 1459 771 murmur.

305 786 380 826 iam
412 786 484 826 sibi
515 793 597 825 tum
629 798 650 824 a
682 786 810 826 curvis
839 786 940 825 male
970 792 1163 838 temperat
1192 786 1297 826 unda
1329 788 1490 834 carinis,
1677 796 1735 828 360

306 855 394 882 cum
427 843 554 882 medio
586 843 735 882 celeres
764 843 941 882 revolant
972 855 1018 881 ex
1049 855 1220 894 aequore
1252 845 1376 896 mergi

305 900 599 952 clamoremque
630 900 762 938 serunt
794 900 840 939 ad
871 899 995 946 litora,
1028 912 1197 951 cumque
1231 901 1405 941 marinae

305 957 344 995 in
377 957 480 996 sicco
512 957 654 996 ludunt
683 956 822 996 fulicae
854 964 1046 1008 notasque
1077 956 1228 1008 paludis

307 1013 449 1053 deserit
480 1020 597 1066 atque
629 1014 745 1053 altam
775 1026 894 1066 supra
923 1014 1027 1053 volat
1055 1013 1171 1053 ardea
1203 1013 1362 1054 nubem.

306 1082 423 1122 saepe
455 1071 570 1110 etiam
600 1070 732 1110 stellas
762 1077 878 1111 vento
910 1071 1164 1123 impendente
1194 1071 1342 1111 videbis
1677 1078 1735 1111 365

302 1127 537 1180 praecipites
568 1127 674 1167 caelo
707 1127 784 1167 labi
816 1128 1023 1179 noctisque
1054 1140 1126 1179 per
1156 1127 1336 1167 umbram

300 1184 543 1224 flammarum
575 1184 715 1236 longos
746 1197 766 1223 a
796 1191 907 1236 tergo
938 1184 1139 1224 albescere
1170 1191 1338 1234 tractus3

302 1253 419 1293 saepe
449 1242 572 1281 levem
602 1242 753 1294 paleam
786 1249 824 1281 et
853 1242 1014 1281 frondes
1044 1241 1205 1281 volitare
1236 1242 1402 1283 caducas

300 1304 366 1337 aut
396 1311 547 1338 summa
578 1298 708 1338 nantis
740 1299 778 1338 in
811 1311 909 1350 aqua
941 1298 1139 1338 colludere
1170 1298 1334 1350 plumas.

302 1361 339 1393 at
369 1355 517 1395 Boreae
550 1355 597 1394 de
628 1362 738 1407 parte
770 1356 892 1395 trucis
923 1368 1013 1395 cum
1045 1356 1223 1395 fulminat
1255 1363 1293 1395 et
1324 1369 1413 1395 cum
1677 1363 1733 1396 370

302 1411 479 1464 Eurique
511 1412 757 1464 Zephyrique
787 1419 899 1452 tonat
929 1413 1086 1453 domus:
1119 1413 1251 1452 onmia
1275 1413 1402 1464 plenis

302 1480 394 1507 rura
425 1475 562 1508 natant
592 1469 706 1509 fossis
736 1475 853 1521 atque
884 1470 1013 1509 omnis
1044 1470 1170 1508 navita
1202 1476 1325 1521 ponto

306 1525 436 1564 umida
466 1526 549 1565 vela
579 1525 684 1577 legit.
737 1539 952 1578 numquam
984 1525 1304 1578 imprudentibus
1334 1526 1462 1566 imber

308 1582 454 1621 obfuit:
487 1589 553 1622 aut
585 1583 694 1622 illum
724 1590 952 1634 surgentem
983 1583 1145 1623 vallibus
1176 1583 1263 1623 imis

306 1696 343 1734 α)
369 1693 563 1727 Anzeichen
582 1695 806 1728 sturmisehen
824 1694 985 1736 Wetters‚

518 1750 550 1774 v.
577 1743 769 1776 351—392.

350 1796 426 1829 351.
451 1796 555 1838 haec,
580 1796 673 1830 diese
700 1796 985 1840 Veriinderungen

306 1839 364 1873 der
377 1839 628 1884 Witterung.—
640 1845 725 1875 cert.
738 1845 842 1885 sign„
855 1843 984 1876 sichere

307 1885 566 1928 Naturzeiclien.

350 1932 426 1965 352.
452 1931 542 1965 Uber
566 1931 619 1965 die
644 1931 810 1976 Dehnung
835 1933 894 1967 des
919 1944 985 1976 que

304 1986 330 2010 s.
355 1986 384 2010 z,
410 1976 449 2010 A.
475 1976 542 2018 vn,
572 1980 645 2014 186.

351 2023 427 2056 357.
453 2023 577 2056 aridus
589 2023 731 2066 fragor,
749 2023 807 2057 das
822 2024 984 2058 Knacken

303 2077 371 2101 von
388 2067 585 2111 trockenem
599 2068 715 2103 Holze.
740 2069 836 2104 Hom.
853 2070 889 2104 Il.
903 2070 985 2111 xm,

303 2115 385 2146 441:
413 2113 507 2149 αύον
531 2110 656 2150 ἄϋσεν.

351 2159 428 2192 358.
446 2162 653 2193 resonantia
665 2160 756 2194 steht
766 2161 986 2204 proleptisch.

302 2248 329 2283 Π
352 2205 429 2238 360.
452 2205 557 2248 male,
582 2205 683 2239 kaum
709 2207 814 2249 noch,
841 2217 866 2240 s.
892 2217 921 2241 z.
947 2208 986 2240 Α.

331 2274 340 2291 ,
366 2250 422 2286 23.

353 2297 430 2329 366.
455 2295 549 2331 Ders.
564 2295 827 2332 VersschlussA.
841 2296 894 2331 lx.
910 2298 986 2331 314.

355 2341 430 2374 368.
453 2342 606 2384 paleam.
653 2341 755 2376 wind
787 2342 986 2376 verkfinden

306 2385 392 2418 nach
418 2385 503 2420 Plin.
529 2392 597 2421 nat.
623 2387 702 2423 hist.
727 2387 839 2425 XVIII,
865 2390 907 2422 86
932 2388 986 2421 die

308 2430 396 2464 ohne
443 2432 627 2466 merkliche
668 2433 743 2467 Lust
786 2443 802 2466 s
829 2433 985 2467 ielenden

305 2475 446 2518 Elauer,
470 2477 524 2511 dle
550 2478 792 2522 herumssiegen
819 2489 837 2512 e
861 2479 985 2512 Flocke

308 2531 375 2555 von
390 2520 542 2566 Pappeln
556 2523 637 2557 oder
650 2523 750 2563 Dorn,
768 2524 836 2557 und
855 2524 908 2558 die
927 2524 986 2558 Fe-

306 2566 376 2604 der.
394 2567 447 2601 die
465 2568 610 2602 ausdem
624 2569 764 2603 Wasser
780 2570 985 2603 schwimmt.

306 2631 350 2636 —
375 2613 547 2647 caducum
572 2615 646 2650 bez.
670 2616 702 2648 in
721 2615 778 2649 der
796 2615 898 2649 Prosa
925 2616 984 2649 das

1052 1694 1255 1738 Hinsallige,
1289 1694 1349 1728 das
1381 1695 1493 1729 seiner
1516 1694 1623 1729 Natur
1648 1696 1733 1729 nach

1053 1741 1156 1774 fallen
1182 1740 1273 1774 kann
1299 1741 1380 1774 oder
1412 1741 1516 1774 fallen
1541 1741 1648 1781 muss,
1679 1741 1733 1775 bei

1051 1786 1211 1820 Dichtern
1229 1786 1398 1830 geradezu
1417 1786 1480 1820 den
1494 1786 1563 1820 Akt
1588 1785 1648 1820 des
1660 1786 1736 1820 Fal-

1051 1831 1126 1865 lens
1151 1832 1283 1865 sowohl
1309 1832 1343 1865 in
1368 1831 1426 1865 der
1443 1832 1659 1875 Gegenwart,
1683 1833 1734 1865 als

1051 1877 1084 1909 in
1103 1877 1162 1910 der
1180 1876 1454 1920 vergangenheit
1478 1877 1546 1911 und
1564 1876 1733 1914 Zuknnst:

1050 1922 1119 1964 vgl.
1151 1922 1190 1954 Α.
1217 1921 1271 1963 VI,
1295 1925 1372 1956 481.
1398 1922 1438 1961 X,
1465 1924 1529 1956 622
1562 1921 1631 1955 und
1656 1922 1733 1956 Hor.

1051 1977 1151 2000 carm.
1166 1967 1202 2007 ss,
1220 1969 1270 2006 13,
1288 1970 1339 2001 11.
1357 1969 1414 2001 12:
1429 1968 1735 2009 lignum—cadu-

1051 2023 1129 2045 cmn
1152 2014 1188 2044 in
1215 2013 1351 2046 domini
1375 2017 1482 2056 capul
1506 2015 1735 2047 immerentis.

1098 2070 1173 2103 370.
1193 2070 1269 2102 371.
1287 2069 1347 2103 Als
1361 2068 1512 2103 Vorbote
1526 2069 1585 2102 des
1600 2068 1734 2113 Regens

1051 2114 1137 2147 wird
1161 2118 1272 2147 zuerst
1299 2119 1447 2157 genannt
1472 2114 1532 2148 das
1549 2114 1682 2148 Blitzen
1699 2116 1734 2148 in

1053 2160 1143 2193 allen
1153 2159 1584 2203 w‘erflimmelsgegenden.
1593 2180 1635 2184 —
1646 2152 1736 2194 Uber

1051 2205 1108 2282 {ilie
1132 2204 1389 2249 Verlangerung
1413 2216 1479 2239 von
1505 2216 1572 2250 quo
1594 2215 1622 2240 s,
1648 2216 1676 2240 z.
1694 2207 1735 2241 A.

1100 2297 1176 2331 373.
1214 2297 1495 2340 imprudentibus
1529 2295 1620 2329 steht
1657 2306 1735 2339 pro-

1052 2341 1215 2385 leptisch:
1229 2343 1284 2375 nie
1295 2341 1432 2376 schadet
1443 2341 1501 2375 der
1508 2340 1634 2384 Regen,
1645 2342 1734 2375 ohne

1054 2386 1127 2420 dass
1152 2398 1229 2420 man
1255 2391 1410 2431 gewarnt
1436 2388 1535 2420 wire.

1100 2435 1175 2467 374.
1200 2433 1296 2466 Auch
1318 2433 1376 2466 der
1393 2432 1468 2466 Abi.
1486 2432 1638 2466 vallibus
1654 2435 1735 2465 imis

1053 2479 1096 2511 ist
1122 2479 1156 2511 in
1181 2478 1427 2522 proleptischer
1451 2477 1564 2511 Weise
1590 2478 1650 2511 mit
1675 2477 1735 2517 su-

1049 2534 1137 2566 gere
1154 2523 1367 2558 verbunden:
1386 2523 1440 2556 die
1453 2523 1733 2567 hochssiegenden

1054 2572 1198 2611 (ιιὸήαεὶ
1226 2569 1389 2603 Kraniche
1423 2569 1546 2602 ssiehen
1571 2580 1633 2603 vor
1657 2568 1733 2602 dem

1053 2614 1310 2658 aursteigenden
1341 2613 1471 2658 Regen.
1506 2626 1544 2648 so
1577 2614 1652 2648 dass
1684 2615 1732 2648 sie
