1820 3046
603 185 846 221 GEORGICON
871 185 949 219 LIB.
974 185 1017 221 Π..

1440 185 1514 222 117

93 299 246 339 dulcem
278 302 380 341 ferre
411 302 542 341 cibum
573 307 611 340 et
640 312 775 339 curvas
806 299 994 351 praebere
1025 298 1204 338 latebras.

94 369 192 407 quae
223 363 380 397 tenuem
411 358 562 397 exhalat
591 356 775 396 nebulam
806 356 1014 406 fumosque
1043 355 1211 394 volucris

94 419 133 452 et
163 414 261 454 bibit
290 426 467 454 umorem
498 419 556 461 et,
589 426 678 452 cum
709 412 807 459 volt,
840 425 885 451 ex
916 425 957 452 se
988 412 1069 463 ipsa
1099 411 1261 450 remittit

95 482 273 522 quaeque
303 484 373 510 suo
405 482 561 521 semper
591 469 722 509 viridis
751 482 792 508 se
824 469 999 520 gramine
1030 468 1143 507 vestit

95 540 169 566 nec
199 527 328 567 scabie
359 531 396 565 et
426 527 522 566 salsa
552 527 668 565 laedit
698 526 877 576 robigine
909 526 1077 564 ferrum:
1466 530 1521 562 220

94 584 156 623 illa
186 583 255 623 tibi
285 583 393 622 laetis
422 583 571 623 intexet
600 582 743 622 vitibus
775 583 921 631 ulmos,

94 640 158 679 illa
191 641 298 679 ferax
330 640 414 679 oleo
446 646 523 689 est,
555 640 659 679 illam
691 639 894 691 experiere
925 639 1090 678 colendo

95 703 133 736 et
162 696 312 736 facilem
343 697 477 748 pecori
508 702 547 735 et
578 697 790 748 patientem
822 695 987 735 vomeris
1017 695 1122 734 unci.

94 753 211 792 talem
242 753 348 793 dives
379 759 461 792 arat
492 754 622 805 Capua
654 760 692 792 et
723 753 847 792 vicina
879 753 1048 791 Vesaevo

95 822 163 849 ora
193 810 284 862 iugo
316 815 354 849 et
382 811 513 849 vacuis
547 810 704 849 Clanius
737 823 817 849 non
849 821 997 860 aequus
1028 808 1194 847 Acerris.
1467 813 1522 845 225

96 879 228 914 nunc,
261 879 340 918 quo
372 879 566 918 quamque
598 867 713 906 modo
746 867 872 919 possis
903 877 1164 916 cognoscere,
1196 864 1333 903 dicam.

95 935 182 962 rara
212 923 261 963 sit
291 935 339 962 an
371 936 490 975 supra
520 936 668 963 morem
701 924 732 962 si
764 924 884 962 densa
916 922 1094 972 requires
1124 944 1177 949 —

95 980 215 1019 altera
245 980 453 1020 frumentis
484 981 669 1031 quoniam
700 982 819 1027 favet,
851 979 971 1018 altera
1002 978 1176 1025 Baccho,

96 1037 216 1076 densa
247 1037 370 1089 magis
401 1037 553 1084 Cereri,
585 1037 780 1076 rarissima
811 1048 988 1087 quaeque
1020 1035 1147 1086 Lyaeo
1181 1057 1234 1061 —

97 1099 187 1132 ante
217 1093 347 1132 locum
377 1094 506 1145 capies
537 1094 661 1133 oculis
691 1093 844 1144 alteque
875 1092 1028 1131 iubebis
1470 1096 1526 1128 230

96 1151 137 1189 in
168 1150 292 1189 solido
324 1156 485 1202 puteum
516 1151 666 1189 demitti
696 1162 932 1200 omnemque
964 1160 1134 1200 repones
1388 1162 1389 1165 ¹

97 1219 234 1247 rursus
263 1207 424 1246 humum
455 1213 493 1246 et
521 1207 686 1259 pedibus
716 1219 886 1246 summas
917 1205 1101 1256 aequabis
1132 1205 1307 1243 harenas.

97 1263 128 1303 si
159 1263 321 1311 derunt,
354 1276 484 1303 rarum
516 1264 728 1315 pecorique
760 1270 797 1302 et
826 1262 967 1302 vitibus
996 1262 1106 1300 alniis

96 1320 224 1371 aptius
254 1320 352 1359 uber
382 1320 477 1369 erit;
507 1321 568 1360 sin
600 1321 639 1359 in
672 1333 740 1360 sua
771 1333 885 1372 posse
917 1319 1120 1370 negabunt

97 1377 154 1416 ire
185 1377 270 1416 loca
301 1383 340 1416 et
369 1377 575 1417 scrobibus
606 1377 807 1429 superabit
837 1383 938 1416 terra
970 1375 1151 1427 repletis,
1472 1379 1527 1412 235

98 1433 247 1485 spissus
278 1445 389 1484 ager:
421 1434 576 1487 glaebas
608 1440 840 1473 cunctantes
872 1445 1079 1483 crassaque
1110 1438 1217 1481 terga

99 1495 260 1542 expecta
291 1496 329 1530 et
357 1490 491 1531 validis
520 1497 666 1530 terram
698 1490 907 1542 proscinde
939 1489 1123 1528 iuvencis.

100 1547 198 1586 salsa
227 1553 356 1586 autem
388 1547 501 1586 tellus
532 1553 570 1586 et
599 1560 699 1598 quae
731 1546 959 1599 pei-bibetur
989 1557 1137 1589 amara,

101 1603 280 1655 frugibus
311 1604 445 1643 infelix
477 1627 531 1632 —-
562 1616 604 1642 ea
638 1616 710 1642 nec
742 1603 979 1642 mansuescit
1009 1602 1155 1640 arando

102 1656 175 1699 nec
206 1659 358 1699 Baccho
390 1673 515 1711 genus
545 1666 612 1699 aut
641 1661 768 1712 pomis
798 1673 866 1699 sua
899 1659 1057 1698 nomina
1088 1663 1214 1697 servat
1244 1679 1298 1683 —
1477 1661 1533 1694 240

102 1717 178 1756 tale
208 1717 314 1756 (labit
344 1717 563 1769 specimen:
598 1723 637 1755 tu
669 1718 794 1768 spisso
827 1716 969 1754 vimine
1001 1716 1137 1766 qualos

102 1816 292 1859 Scblangen
318 1816 372 1850 die
396 1816 611 1850 scbiidlicben
630 1817 783 1858 Ki-iiuter,

101 1862 156 1895 die
187 1872 247 1895 aus
277 1862 342 1896 den
372 1862 479 1895 bosen
505 1862 621 1895 Sasten
647 1863 782 1895 solches

101 1907 278 1941 Erdreichs
313 1907 529 1941 erwachsen:
566 1909 660 1940 mala
695 1918 782 1949 gra-

100 1954 198 1986 mina
220 1953 263 1986 A.
284 1952 321 1994 ll,
346 1955 424 1986 471.

146 1999 222 2033 217.
235 1997 354 2038 fumos
365 1998 533 2040 volucri-e,
547 1997 781 2041 aufsteigende

100 2043 239 2077 Dunste.

147 2090 222 2123 219.
251 2099 314 2121 suo
346 2099 483 2132 semper
513 2089 625 2121 viridi
655 2100 691 2121 se
723 2099 783 2130 gr·-

100 2137 220 2175 vestit,
254 2134 314 2168 das
340 2134 509 2175 Erdreicb‚
535 2134 684 2167 welches
710 2134 783 2167 sicli

102 2179 189 2214 ohne
211 2179 404 2213 kiinstlicbe
422 2178 538 2222 Pssege
559 2181 648 2222 (suo)
668 2180 783 2212 immet·

103 2225 204 2258 frisch
240 2226 388 2268 (semper
426 2226 565 2268 viridis)
606 2225 667 2257 mit
707 2224 782 2257 dem

102 2269 253 2313 'Peppicb
271 2269 784 2313 destperennierenden)Grases

101 2315 290 2351 schmiickt.
316 2316 407 2350 Uber
439 2315 492 2349 die
526 2316 589 2349 LA.
623 2316 733 2348 vir-icti
756 2325 783 2348 s.

102 2361 133 2395 d.
158 2361 244 2394 Anb.

104 2449 129 2483 R
147 2407 224 2440 220.
245 2406 338 2440 salsa
354 2407 481 2448 robig„
506 2406 569 2439 mit
586 2405 782 2438 beizendem

133 2455 198 2485 ost.

148 2499 222 2531 221.
240 2499 374 2530 intexet
388 2498 449 2530 vit.
458 2497 552 2537 ulm„
567 2507 592 2530 s.
604 2507 633 2529 z,
643 2496 676 2529 E.
689 2498 718 2535 2,
730 2498 783 2529 70.

149 2544 225 2577 224.
247 2544 422 2577 Vesaeuus
439 2552 509 2575 war
526 2542 585 2575 der
603 2542 680 2581 alte,
698 2542 784 2574 auch

104 2586 157 2664 ὶῦοἰ
172 2587 302 2622 Lucret.
320 2588 585 2622 vorkommende
603 2587 706 2620 Name
725 2586 784 2619 des

137 2641 230 2667 esuv.

897 1818 973 1849 225.
1008 1814 1071 1847 Der
1097 1814 1261 1855 Clam‘us,
1294 1812 1350 1849 ein>
1374 1811 1465 1851 Fluss
1499 1812 1533 1844 in

852 1861 1075 1904 Campanien‚
1120 1858 1425 1892 iiberschwemmte
1465 1856 1533 1890 und

852 1906 1012 1984 vleu'jdete
1026 1904 1140 1948 hiiufig
1154 1904 1207 1937 die
1221 1902 1421 1946 anliegende
1436 1902 1534 1936 Stadt

851 1971 866 1984 s
886 1963 1017 1984 cer-rue.

853 2033 882 2066 2.
922 2031 984 2063 mit
1021 2028 1208 2062 Riicksicbt
1245 2027 1303 2061 aus
1338 2027 1392 2060 die
1422 2026 1534 2061 Kenn-

898 2076 1037 2109 zeichcn
1069 2075 1181 2108 seiner
1205 2073 1488 2113 Beschalrenheit,

1069 2131 1099 2153 v,
1126 2120 1315 2153 226—258.

898 2179 975 2210 227.
1001 2187 1088 2209 rara
1112 2178 1167 2209 stt.
1215 2175 1261 2208 Zu
1297 2174 1533 2208 konstruieren

853 2223 914 2255 ist:
940 2224 971 2253 εἰ
991 2223 1162 2264 requires,
1187 2232 1274 2254 rara
1294 2222 1343 2252 sit
1358 2230 1405 2253 an
1423 2230 1534 2262 snpra

852 2279 983 2301 morem
1009 2268 1127 2300 densa.

900 2315 976 2347 2:³3.
1001 2315 1031 2344 st
1056 2313 1195 2354 derunt,
1221 2322 1321 2344 wenu
1340 2311 1394 2344 die
1419 2311 1455 2343 in
1481 2310 1534 2342 die

855 2358 966 2392 Grube
999 2357 1323 2400 zuriickgcworsene
1349 2356 1433 2390 Erde
1466 2356 1535 2388 dic-

853 2404 947 2437 selbc
982 2404 1074 2436 nicht
1107 2403 1232 2436 wieder
1264 2412 1348 2445 ganz
1383 2401 1534 2438 ausfi'illt,

855 2451 898 2482 im
939 2449 1130 2491 Gegensatz
1178 2459 1219 2481 zu
1259 2451 1316 2480 εἰη
1355 2448 1536 2489 superabit

854 2499 962 2528 cmv-a.

899 2542 976 2573 236.
1003 2543 1116 2581 tet-ga,
1141 2550 1166 2572 s.
1193 2550 1221 2573 z.
1248 2539 1286 2572 G.
1310 2538 1332 2576 Ι,
1358 2540 1412 2571 97.

900 2588 976 2619 240.
1002 2596 1067 2617 sua
1092 2586 1236 2617 ηυηιίηα
1259 2586 1394 2623 set-vat,
1420 2582 1534 2614 Rebeu

857 2631 921 2664 und
949 2630 1155 2662 (llistbiiuine
1182 2635 1274 2662 arten
1301 2638 1369 2662 aus.
