1820 3046
267 168 349 206 144

757 170 794 206 P.
819 171 990 206 VERGILI
1013 171 1206 207 MAROMS

265 285 416 326 arcebis
445 285 602 338 gravido
634 287 789 339 pecori,
820 295 1075 340 armentaque
1107 302 1242 341 pasces
1639 298 1694 332 155

267 343 348 383 sole
380 355 518 383 recens
550 350 636 383 orto
669 349 735 383 aut
766 351 922 384 noctem
954 345 1189 386 ducentibus
1219 347 1342 386 astris.

380 400 471 440 Post
503 407 657 452 partum
689 413 783 440 cura
815 402 853 441 in
886 402 1026 442 vitulos
1057 403 1273 443 traducitur
1305 403 1451 450 omnis,

268 457 538 508 continuoque
571 464 682 497 notas
712 464 750 497 et
781 458 939 497 nomina
970 460 1098 511 gentis
1129 461 1291 499 inurunt

267 520 307 553 et
338 526 437 565 quos
467 521 531 552 aut
563 515 697 566 pecori
727 515 865 554 malint
895 515 1125 556 submittere
1155 516 1336 556 habendo

267 576 334 610 aut
364 570 441 610 aris
461 582 614 609 servare
645 583 778 610 sacros
809 578 874 610 aut
905 572 1084 612 scindere
1115 579 1259 612 terram
1640 579 1696 613 160

266 634 300 666 et
334 639 514 678 campum
546 627 774 666 horrentem
805 627 936 666 fractis
965 629 1159 668 invertere
1190 630 1347 681 glaebis.

264 690 393 723 cetera
425 689 641 734 pascuntur
670 684 803 723 viridis
831 691 1010 724 armenta
1039 697 1111 736 per
1141 685 1294 725 herbas.

265 746 307 779 tu
339 752 438 791 quos
468 740 512 778 ad
545 741 716 779 studium
748 747 864 791 atque
894 753 1010 781 usum
1031 742 1216 781 formabis
1245 749 1459 793 agrestem,

265 797 341 836 iarn
371 796 511 836 vitulos
541 797 698 837 hortare
729 798 907 849 viamque
938 799 1073 838 insiste
1104 799 1306 845 domandi,

270 854 363 893 dum
394 854 528 893 faciles
557 854 675 893 animi
708 855 910 902 iuvenum,
942 856 1034 895 dum
1064 855 1220 895 mobilis
1249 862 1365 896 aetas.
1639 862 1695 896 165

266 923 309 950 ac
340 911 511 962 primum
543 911 650 951 laxos
681 912 790 951 tenui
821 912 867 951 de
896 912 1041 952 vimine
1073 913 1212 952 circlos

266 968 407 1007 cervici
439 968 648 1017 subnecte;
681 968 843 1015 dehinc,
877 969 942 1008 ubi
973 969 1095 1009 libera
1127 970 1225 1009 colla

270 1025 426 1064 servitio
452 1025 674 1072 adsuerint.‚
707 1026 802 1078 ipsis
827 1039 846 1065 e
872 1027 1081 1078 torquibus
1106 1033 1217 1078 aptos

268 1082 389 1133 iunge
420 1094 534 1133 pares
566 1088 603 1121 et
634 1094 731 1134 coge
761 1084 922 1135 gradum
956 1085 1138 1123 conferre
1170 1084 1376 1132 iuvencos3

268 1144 383 1189 atque
414 1139 489 1178 illis
519 1139 593 1178 iam
625 1152 742 1192 saepe
773 1147 882 1180 rotae
913 1141 1107 1180 ducantur
1138 1141 1274 1180 inanes
1642 1145 1697 1178 1ῖο

266 1207 338 1247 per
368 1201 511 1234 terram
544 1203 583 1235 et
612 1209 764 1236 summo
796 1198 954 1249 vestigia
986 1198 1144 1250 pulvere
1175 1198 1352 1249 signent;

268 1258 356 1304 post
386 1252 509 1291 valido
542 1253 672 1293 nitens
702 1254 775 1293 sub
798 1256 973 1307 pondere
1004 1255 1157 1306 faginus
1188 1255 1268 1294 axis

268 1309 459 1361 instrepat
491 1315 527 1348 et
559 1310 716 1350 iunctos
746 1317 849 1351 temo
881 1312 1005 1351 trahat
1037 1324 1175 1351 aereus
1206 1311 1323 1350 orbis.

267 1365 416 1405 interea
446 1366 541 1418 pubi
574 1367 784 1407 indomitae
816 1382 896 1408 non
928 1369 1104 1421 gramina
1134 1375 1286 1408 tantum

272 1434 346 1461 nec
376 1435 509 1463 vescas
539 1424 698 1463 salicum
732 1426 892 1466 frondes
922 1426 1128 1477 ulvamque
1160 1425 1392 1477 palustrem,
1642 1428 1697 1461 175

269 1480 336 1518 sed
367 1480 562 1519 frumenta
594 1494 715 1521 manu
746 1494 884 1534 carpes
913 1490 1013 1531 sata3
1046 1495 1119 1522 nec
1149 1481 1219 1521 tibi
1251 1483 1350 1521 setae

270 1548 381 1575 more
411 1543 565 1589 patrum
599 1539 707 1577 nivea
739 1539 956 1591 implebunt
989 1539 1212 1579 mulctraria
1243 1550 1403 1585 vaccae,

273 1593 340 1632 sed
372 1599 451 1633 tota
482 1594 521 1633 in
555 1595 687 1635 dulces
719 1604 955 1636 consument
986 1596 1106 1636 ubera
1138 1603 1261 1635 natos.

388 1651 456 1690 Sin
489 1651 534 1689 ad
565 1652 666 1691 bella
699 1654 821 1705 magis
851 1655 1022 1693 studium
1054 1660 1281 1704 turmasque
1312 1651 1474 1699 ferocis,

275 1714 337 1747 aut
369 1708 516 1760 Alphea
547 1710 644 1749 rotis
673 1709 846 1762 praelabi
878 1711 1037 1751 flumina
1069 1711 1179 1750 Pisae
1647 1713 1701 1746 180

318 1809 390 1842 155.
408 1810 555 1842 arcebis.
592 1821 714 1843 arcer-e
731 1811 869 1854 aliquid
884 1811 949 1844 ali-

269 1855 329 1885 cnz'
346 1853 403 1886 hat
421 1859 533 1887 zuerst
552 1854 651 1898 Verg.
667 1861 800 1899 gesagt;
820 1867 845 1890 s.
861 1857 951 1890 fibri-

271 1908 354 1941 gens
379 1909 407 1932 z.
434 1898 469 1932 E.
490 1902 519 1940 ἵ,
538 1902 593 1935 47.
634 1900 697 1934 Der
720 1901 838 1935 Hiatus
859 1902 949 1936 steht

270 1944 405 1977 'ahnlich
431 1945 496 1978 wie
522 1945 594 1979 hier
618 1946 654 1980 G.
680 1946 716 1987 11,
745 1949 817 1980 144.

318 1991 392 2023 158.
410 1993 523 2024 notas.
558 1990 628 2024 Den
648 1992 791 2025 Kalbern
811 1992 949 2026 wurden

269 2033 454 2068 Merkmale
477 2037 711 2079 eingefflannt,
737 2048 790 2071 um
817 2038 949 2072 sowohl

271 2079 335 2113 den
363 2079 508 2123 Stamm‚
540 2082 590 2115 als
624 2082 677 2116 die
709 2083 951 2117 verschiedene

269 2125 505 2170 Bestimmung
530 2138 570 2160 zu
596 2128 814 2162 bezeichnen.

320 2173 393 2205 159.
417 2174 637 2216 submittere,
666 2184 691 2207 s.
719 2185 745 2209 z.
772 2174 808 2207 E.
837 2177 871 2216 1,
897 2177 950 2209 45.

266 2235 313 2243 --
337 2216 396 2250 Bei
422 2217 497 2251 dem
527 2222 561 2251 et
584 2230 670 2262 qnos
699 2220 755 2253 bat
788 2230 865 2253 man
891 2231 952 2255 aus

271 2262 345 2295 dem
380 2262 587 2307 Vorhergeh.
622 2265 686 2299 den
727 2265 950 2309 allgemeinen

272 2307 403 2350 Begriff
421 2311 568 2352 signant
591 2321 631 2344 zu
658 2312 836 2354 ergfinzen.

322 2355 394 2387 162.
420 2358 547 2388 cetera.
594 2355 654 2390 Die
679 2357 770 2390 nicht
796 2357 950 2400 gezeich-

270 2401 370 2432 neten
382 2399 479 2433 Tiere
495 2401 579 2434 trieb
594 2411 669 2435 man
685 2402 807 2435 ausdie
821 2402 949 2436 Weide‚

271 2442 331 2477 Die
357 2445 598 2487 gezeichneten
618 2447 741 2481 Kalber
764 2448 845 2481 hielt
872 2459 948 2482 man

270 2499 337 2522 von
364 2490 422 2524 der
446 2492 586 2535 nbrigen
613 2492 719 2526 Herde
745 2499 911 2536 getrennt.

319 2537 394 2570 168.
424 2538 511 2580 ipsis
542 2549 559 2569 e
589 2541 676 2581 torq.
701 2543 788 2581 apt„
821 2550 862 2573 an
895 2540 948 2573 die

257 2580 446 2616 ‚weidenen
472 2582 567 2616 Reise
592 2583 696 2617 selbst
723 2585 895 2627 gelesselt.

319 2628 392 2662 173.
418 2630 620 2672 instrepere,
646 2630 736 2663 wohl
763 2641 829 2664 von
849 2630 947 2674 Yerg.

1019 1811 1184 1855 gebildet,
1219 1810 1322 1844 findet
1354 1810 1426 1844 sich
1458 1813 1525 1843 erst
1554 1808 1608 1842 bei
1635 1806 1699 1841 den

1019 1858 1191 1900 spfitesten
1219 1856 1486 1890 Schriststellern
1512 1853 1647 1887 wieder.

1069 1905 1143 1937 175.
1168 1913 1296 1943 vescas,
1322 1912 1347 1935 s.
1373 1912 1401 1934 z.
1428 1901 1465 1935 G.
1491 1899 1544 1940 lV,
1575 1901 1646 1933 131.

1068 1949 1142 1981 176.
1151 1947 1346 1987 frumenta,
1355 1948 1493 1989 junges,
1504 1944 1698 1978 nahrhastes

1021 1992 1187 2028 Getreide.
1213 1991 1445 2035 Mengfflmrn,
1471 2001 1554 2032 5.,τ.
1579 1992 1656 2024 205.

1071 2041 1142 2072 177.
1173 2049 1270 2071 more
1291 2041 1445 2081 patrum.
1492 2035 1582 2069 L'ber
1606 2035 1699 2069 diese

1021 2084 1237 2117 altromische
1264 2083 1349 2117 Siue
1375 2093 1401 2116 s.
1427 2093 1454 2115 z.
1480 2081 1515 2115 E.
1542 2083 1572 2117 3.
1599 2083 1652 2115 30.

1070 2131 1143 2164 179.
1167 2131 1221 2161 sin
1249 2130 1297 2162 ad
1320 2131 1349 2161 b.
1374 2138 1467 2170 mag.
1491 2127 1595 2164 stud..
1621 2126 1652 2160 d.
1667 2126 1699 2160 h.

1021 2175 1063 2207 ist
1089 2175 1162 2215 (des
1184 2174 1473 2215 Pserdezfichters)
1499 2172 1581 2206 Sinn
1606 2172 1700 2206 mehr

1021 2220 1080 2254 aus
1102 2220 1165 2254 den
1185 2220 1286 2263 Krieg
1309 2219 1390 2253 oder
1414 2219 1473 2253 aus
1487 2218 1551 2252 den
1569 2217 1650 2261 Sieg
1667 2218 1700 2251 in

1021 2266 1085 2299 den
1119 2265 1375 2309 Wagenrennen
1407 2264 1580 2308 gerichtet.
1628 2267 1700 2296 slu-

1021 2312 1118 2345 dinm
1144 2315 1195 2344 est
1218 2312 1266 2344 ad
1288 2311 1381 2354 alqd.
1402 2312 1444 2344 ist
1470 2313 1587 2353 gesagt
1613 2308 1698 2343 nach

1020 2357 1078 2390 der
1095 2357 1259 2400 Analogie
1277 2367 1344 2390 von
1360 2356 1518 2389 studium
1536 2355 1700 2394 conferre

1020 2403 1067 2436 ad
1083 2403 1187 2445 alqd..
1205 2402 1339 2436 {illnlich
1353 2407 1428 2445 sagt
1446 2401 1559 2435 lustin.
1580 2399 1650 2441 XX,
1667 2402 1698 2436 4.

1021 2451 1054 2482 7:
1080 2449 1235 2481 studium
1255 2449 1302 2481 ad
1316 2447 1564 2489 frugalitatem
1583 2445 1700 2478 mulli·

1021 2494 1157 2527 tudinis
1185 2495 1402 2537 provocavit.
1438 2512 1482 2518 —
1515 2491 1604 2525 Uber
1633 2490 1697 2523 den

1020 2539 1178 2573 Weclisel
1204 2540 1262 2573 der
1287 2538 1532 2572 Konstruktion
1558 2547 1585 2572 s,
1611 2547 1638 2570 z.
1663 2535 1698 2568 E.

1042 2612 1142 2665 '180.
1180 2630 1238 2664 Die
1271 2629 1482 2674 olympische
1513 2627 1697 2663 Rennbahn
