1820 3046
245 157 324 194 152

734 159 771 193 Ρ.
797 159 967 194 VERGlLl
989 158 1159 194 MARONI
1164 159 1186 193 S

243 273 522 325 horrentisque
554 273 674 314 rubos
705 281 743 314 et
772 275 936 314 amantis
966 276 1084 315 ardua
1116 276 1276 315 dumos:
1615 283 1672 315 315

243 335 361 381 atque
390 330 495 382 ipsae
526 343 720 370 memores
752 332 918 371 redeunt
948 332 987 371 in
1020 339 1119 371 tecta
1150 345 1321 384 suosque

243 386 395 426 ducunt
425 393 462 426 et
492 389 649 439 gravido
681 395 869 440 superant
899 389 958 427 vix
990 389 1110 428 ubere
1141 389 1272 429 limen.

243 455 338 495 ergo
369 444 476 482 omni
506 445 634 483 studio
665 445 828 496 glaciem
859 452 1074 496 ventosque
1108 446 1261 493 nivalis,

243 512 321 550 quo
353 501 484 538 minor
514 507 572 540 est
602 501 676 540 illis
708 514 822 541 curae
854 503 1029 541 mortalis
1060 509 1230 553 egestas,

242 562 393 595 avertes
423 557 643 607 victumque
675 558 777 597 seres
807 564 846 596 et
874 558 1003 609 virgea
1031 559 1154 597 laetus
1617 564 1674 596 320

242 613 407 664 pabula,
439 625 513 651 nec
543 620 623 652 tota
654 614 809 653 claudes
839 615 993 653 faenilia
1025 615 1174 653 bruma.

241 675 280 708 at
308 681 400 708 vero
431 669 617 721 Zephyris
647 682 736 708 cum
768 671 865 709 laeta
896 670 1128 710 vocantibus
1158 678 1281 710 aestas

241 726 280 765 in
313 725 434 765 saltus
463 732 675 777 utrumque
706 739 866 778 gregem
898 735 1015 778 atque
1046 728 1086 766 in
1118 740 1261 778 pascua
1292 729 1440 775 mittet,

240 782 412 821 Luciferi
444 783 572 834 primo
605 795 693 821 cum
725 783 852 823 sidere
883 784 1023 835 frigida
1055 796 1145 822 rura

240 851 468 890 carpamus,
501 840 593 878 dum
623 852 740 879 mane
771 853 939 888 novum,
971 841 1063 879 dum
1094 841 1270 891 gramina
1302 847 1463 888 canent,
1616 847 1672 880 325

241 902 280 935 et
309 908 374 935 ros
405 896 444 934 in
477 902 613 935 tenera
643 897 778 948 pecori
810 897 1053 949 gratissimus
1084 898 1217 936 herba.

239 952 331 992 inde
362 952 429 991 ubi
462 959 598 1004 quarta
628 953 732 993 sitim
762 954 858 993 caeli
889 954 1091 1006 collegerit
1121 955 1216 993 hora

240 1014 278 1048 et
308 1015 427 1048 cantu
458 1010 644 1060 querulae
674 1017 861 1062 rumpent
892 1011 1049 1050 arbusta
1081 1012 1254 1058 cicadae,

239 1065 286 1104 ad
316 1073 457 1118 puteos
488 1072 555 1106 aut
587 1067 661 1106 alta
690 1079 830 1119 greges
860 1068 907 1106 ad
938 1075 1073 1119 stagna
1106 1068 1237 1107 iubeto

239 1129 464 1162 currentem
496 1124 626 1175 ilignis
655 1130 791 1176 potare
822 1125 1023 1164 canalibus
1053 1125 1220 1173 undam;
1616 1131 1674 1163 330

238 1179 409 1219 aestibus
441 1186 478 1219 at
507 1181 644 1220 mediis
674 1182 898 1221 umbrosam
931 1182 1137 1232 exquirere
1168 1182 1324 1229 vallem,

238 1237 364 1276 sicubi
396 1249 536 1288 magna
567 1237 667 1277 Iovis
697 1239 859 1290 antiquo
891 1238 1035 1277 robore
1068 1251 1238 1290 quercus

237 1293 411 1345 ingentis
441 1294 576 1333 tendat
605 1307 754 1343 ramos,
786 1302 851 1335 aut
881 1295 1006 1335 sicubi
1040 1296 1196 1347 nigrum

237 1350 392 1390 ilicibus
423 1351 573 1391 crebris
603 1364 711 1391 sacra
743 1365 882 1391 nemus
913 1352 1079 1391 accubet
1109 1352 1270 1400 umbra;

237 1412 321 1446 tum
351 1408 482 1446 tenuis
514 1408 606 1447 dare
637 1421 774 1448 rursus
805 1422 926 1460 aquas
957 1415 995 1448 et
1026 1421 1187 1460 pascere
1219 1421 1356 1448 rursus
1617 1414 1673 1446 335

237 1464 330 1503 solis
359 1464 405 1503 ad
438 1477 642 1514 occasum,
674 1477 763 1504 cum
795 1466 959 1517 frigidus
990 1473 1079 1504 acra
1110 1478 1249 1517 vesper

235 1526 431 1573 temperat
460 1527 497 1560 et
528 1522 647 1561 saltus
678 1523 803 1562 reficit
834 1523 908 1561 iam
940 1522 1092 1561 roscida
1124 1523 1215 1561 luna

235 1577 428 1628 litoraque
458 1578 663 1631 alcyonem
693 1586 900 1627 resonant,
932 1579 1171 1618 acalanthida
1203 1579 1321 1619 dumi.

351 1635 453 1681 Quid
483 1635 552 1674 tibi
583 1642 760 1687 pastores
791 1636 955 1689 Libyae,
988 1636 1081 1687 quid
1111 1649 1255 1688 pascua
1284 1648 1399 1675 versu

236 1704 457 1744 prosequar
487 1698 525 1732 et
556 1693 654 1732 raris
685 1693 855 1732 habitata
886 1694 1051 1745 mapalia
1082 1692 1226 1733 tectis?
1615 1698 1672 1730 340

237 1791 341 1825 stelle
362 1793 401 1825 A.
419 1792 455 1834 ll,
475 1795 538 1826 471
561 1793 606 1826 ist
627 1793 713 1826 nach
733 1793 808 1827 dem
828 1805 855 1826 z.
876 1794 916 1828 Α.

235 1836 278 1877 V,
288 1839 352 1871 608
367 1841 552 1871 erorterten
564 1838 865 1881 Sprachgebrauch
875 1850 916 1873 zu

235 1882 448 1924 beurteilen).
467 1902 512 1907 —
535 1884 680 1927 Lycaei,
702 1894 727 1917 s.
742 1884 777 1917 E.
796 1888 848 1926 10,
864 1887 916 1918 15.

283 1929 358 1962 316.
386 1931 493 1971 ipsae,
517 1939 544 1962 s.
570 1940 596 1962 z.
624 1929 660 1962 E.
685 1931 716 1970 4,
743 1931 796 1963 21.

283 1975 359 2007 319.
385 1985 454 2016 quo
478 1985 523 2008 m.
548 1977 598 2006 est
622 1975 696 2007 illis
720 1978 856 2017 egestas
874 1990 917 2002 =

236 2029 305 2061 quo
330 2022 446 2051 mz'nns
471 2023 584 2062 egent.

282 2065 359 2099 321.
384 2066 520 2107 bruma,
545 2075 571 2099 s.
597 2076 626 2100 z.
653 2064 690 2098 G.
715 2065 752 2105 11,
778 2067 853 2099 317.

276 2145 306 2177 2.
333 2142 611 2186 Sommerweide‚
637 2155 667 2177 v.
695 2145 884 2179 322—338.

282 2202 358 2234 325.
391 2211 580 2243 carpamus
609 2211 714 2237 rura,
746 2201 824 2234 lasst
856 2211 919 2235 uns

235 2245 394 2286 (niimlich
431 2247 493 2279 mit
528 2246 593 2279 den
630 2246 775 2286 Herden)
814 2246 918 2280 durch

235 2290 290 2323 die
315 2290 445 2325 Tristen
471 2291 600 2325 ziehen.
654 2291 718 2325 Der
744 2291 821 2329 011,
854 2291 918 2326 den

235 2336 327 2369 einer
351 2336 619 2377 ‹lurehwandelt,
649 2337 734 2370 wird
759 2348 825 2370 von
851 2337 916 2371 den

235 2381 395 2414 Dichtern
436 2383 494 2415 der
534 2383 806 2425 Augusteischen
844 2383 917 2416 Zeit

235 2427 286 2460 als
304 2426 430 2468 Objekt
455 2438 496 2460 zu
521 2439 666 2470 carpere
684 2428 917 2471 hinzugesiigt‚

235 2473 305 2515 vgl.
323 2473 410 2506 oben
429 2484 459 2506 ν.
481 2475 556 2506 142.
575 2473 612 2507 G.
632 2472 684 2511 lV,
703 2475 779 2507 311,
819 2473 915 2508 Ovid.

235 2517 316 2551 Met.
342 2517 430 2559 Vlll,
465 2519 546 2552 219:
581 2520 726 2551 aethera
759 2530 916 2562 carpet-e.

236 2563 309 2605 XV,
335 2566 417 2598 507:
451 2563 560 2596 litora
587 2575 742 2606 carpet-e.
768 2563 868 2599 Trist.
893 2565 917 2607 1,

240 2611 291 2651 10,
316 2610 376 2643 23;
404 2619 543 2652 campos
568 2619 724 2652 carpet-e.

1033 1795 1109 1828 323.
1135 1796 1320 1836 rumpent,
1346 1792 1670 1826 durchschmettern.

1033 1841 1109 1881 332.
1136 1840 1228 1871 lovis
1247 1849 1409 1881 quereus,
1431 1849 1456 1872 S.
1471 1849 1498 1871 z.
1513 1838 1550 1871 G.
1564 1838 1601 1878 11,
1619 1840 1669 1872 16.

986 1903 1030 1909 —-
1055 1884 1145 1917 Uber
1171 1885 1235 1940 die.
1249 1885 1414 1927 Dehnung
1435 1883 1493 1917 der
1510 1883 1671 1917 Endsilbe

987 1940 1014 1964 S·
1034 1929 1423 2008 ἔξίἑὶῆᾗιιιέὶιοοιιὸθί.
1464 1973 1527 2007 Der
1544 1971 1675 2015 Begriff

988 2020 1048 2054 des
1062 2022 1192 2053 cubare
1210 2020 1291 2053 oder
1307 2021 1481 2052 accubare
1500 2018 1582 2051 wird
1603 2019 1668 2051 bis-

988 2066 1112 2099 weilen
1139 2076 1217 2098 vom
1243 2064 1404 2098 Schatten
1436 2064 1497 2097 aus
1523 2064 1586 2097 den
1615 2065 1671 2097 be·

988 2111 1210 2145 schattenden
1225 2110 1442 2166 (legenstand
1455 2110 1669 2153 ubertragen.

988 2157 1385 2245 xg333.tl’.mlgabquas,
1403 2211 1429 2236 s.
1445 2200 1531 2234 oben
1545 2210 1576 2232 v.
1593 2202 1668 2233 330.

1035 2250 1110 2282 338.
1137 2248 1337 2292 alcyonem,
1374 2257 1401 2282 s.
1427 2257 1455 2280 z.
1481 2245 1518 2280 G.
1543 2246 1565 2280 1.
1593 2247 1669 2279 399.

1036 2325 1225 2370 Episode
1251 2326 1290 2359 11:
1325 2325 1540 2359 Hirtenleben
1566 2324 1624 2359 der

1086 2372 1209 2416 Libyer
1233 2371 1300 2405 und
1325 2371 1384 2405 der
1409 2371 1571 2415 Scythen.

1202 2428 1233 2450 v.
1260 2418 1449 2451 339—383.

1033 2476 1108 2508 340.
1139 2475 1307 2517 mapalia.
1356 2473 1436 2507 Sall.
1462 2473 1532 2515 lug.
1562 2474 1612 2510 18,
1630 2474 1667 2505 S:

986 2519 1151 2559 aedificia
1189 2519 1426 2552 Numidarum
1462 2519 1667 2560 agrestium,

987 2576 1076 2607 quae
1091 2566 1247 2608 mapalia
1269 2565 1325 2597 illi
1344 2567 1481 2598 vocant,
1503 2564 1667 2605 oblonga,

986 2613 1144 2644 ineurvis
1169 2611 1358 2649 Iateribus;
1383 2613 1473 2643 tecta
1491 2611 1668 2652 qnasina-
